75600000         257691018000102                    04293000000020477990VALIANTUS ASSOCIACAO DE PROTECSICOOB                                  21606202609432700030308500000                                                                     
75600011T01  043 2057691018000102          429300000304293000000020477990VALIANTUS ASSOCIACAO DE PROTEC                                                                                000000001606202600000000                                 
7560001300001T 0604293000000020477990000109021301014     1109021         20062026000000000033000237008350                         091000007997772421DANIELLE SANTOS MENDES DE LIMA          00000000000000000000002000000000004                 
7560001300002U 060000000000000000000000000000000000000000000000000000000000000000000000330000000000000330000000000000000000000000000000001506202600000000    00000000000000000000000                      4952597375600000000000000000000       
7560001300003T 0604293000000020477990000109033101014     1109033         20062026000000000004500237008350                         091000017267421482NADIELLE GOMES DA COSTA                 00000000000000000000002000000000004                 
7560001300004U 060000000000000000000000000000000000000000000000000000000000000000000000045000000000000045000000000000000000000000000000001506202600000000    00000000000000000000000                      4952597475600000000000000000000       
7560001300005T 0604293000000020477990000109252501014     1109252         20062026000000000010500633000010                         091000071162114460DOUGLAS DE OLIVEIRA SILVA               00000000000000000000002000000000004                 
7560001300006U 060000000000000000000000000000000000000000000000000000000000000000000000105000000000000105000000000000000000000000000000001506202600000000    00000000000000000000000                      4952104975600000000000000000000       
7560001300007T 0604293000000020477990000111624001014     1111624         20062026000000000009000104006260                         091000002944445480JOSE FRANCA DA SILVA                    00000000000000000000002000000000004                 
7560001300008U 060000000000000000000000000000000000000000000000000000000000000000000000090000000000000090000000000000000000000000000000001506202600000000    00000000000000000000000                      4950615175600000000000000000000       
7560001300009T 0604293000000020477990000111635101014     1111635         20062026000000000007000104006260                         091000002944445480JOSE FRANCA DA SILVA                    00000000000000000000002000000000004                 
7560001300010U 060000000000000000000000000000000000000000000000000000000000000000000000070000000000000070000000000000000000000000000000001506202600000000    00000000000000000000000                      4950615275600000000000000000000       
7560001300011T 0604293000000020477990000111646201014     1111646         20062026000000000008000104006260                         091000002944445480JOSE FRANCA DA SILVA                    00000000000000000000002000000000004                 
7560001300012U 060000000000000000000000000000000000000000000000000000000000000000000000080000000000000080000000000000000000000000000000001506202600000000    00000000000000000000000                      4950615375600000000000000000000       
7560001300013T 0604293000000020477990000111738501014     1111738         20062026000000000015000633000010                         091000011126900427LUCIANO FERREIRA DO NASCIMENTO          00000000000000000000002000000000004                 
7560001300014U 060000000000000000000000000000000000000000000000000000000000000000000000150000000000000150000000000000000000000000000000001506202600000000    00000000000000000000000                      4952104875600000000000000000000       
7560001300015T 0604293000000020477990000121640601014     1121640         20062026000000000005000104000510                         091000007627924421MARIA ALCINEIDE DE ALMEIDA SILVA        00000000000000000000002000000000004                 
7560001300016U 060000000000000000000000000000000000000000000000000000000000000000000000050000000000000050000000000000000000000000000000001506202600000000    00000000000000000000000                      4950657375600000000000000000000       
7560001300017T 0604293000000020477990000121697501014     1121697         20062026000000000005000633000010                         091000006618339413DIEGO GUTEMBERG BARBOSA                 00000000000000000000002000000000004                 
7560001300018U 060000000000000000000000000000000000000000000000000000000000000000000000050000000000000050000000000000000000000000000000001506202600000000    00000000000000000000000                      4952104775600000000000000000000       
7560001300019T 0604293000000020477990000121716001014     1121716         20062026000000000005000001016890                         091000004423537400ALEXANDRE HENRIQUE SANTOS DA SILVA      00000000000000000000002000000000004                 
7560001300020U 060000000000000000000000000000000000000000000000000000000000000000000000050000000000000050000000000000000000000000000000001506202600000000    00000000000000000000000                      4950657475600000000000000000000       
7560001300021T 0604293000000020477990000121717801014     1121717         20062026000000000013500001016890                         091000004423537400ALEXANDRE HENRIQUE SANTOS DA SILVA      00000000000000000000002000000000004                 
7560001300022U 060000000000000000000000000000000000000000000000000000000000000000000000135000000000000135000000000000000000000000000000001506202600000000    00000000000000000000000                      4950657575600000000000000000000       
7560001300023T 0604293000000020477990000121733601014     1121733         20062026000000000005000260000010                         091000001206101407ADRIANA MARIA DE MACEDO                 00000000000000000000002000000000004                 
7560001300024U 060000000000000000000000000000000000000000000000000000000000000000000000050000000000000050000000000000000000000000000000001506202600000000    00000000000000000000000                      4953075375600000000000000000000       
7560001300025T 0604293000000020477990000121808301014     1121808         20062026000000000009000341004530                         091000001449447406VALDEILTON DO CARMO ARAUJO              00000000000000000000002000000000004                 
7560001300026U 060000000000000000000000000000000000000000000000000000000000000000000000090000000000000090000000000000000000000000000000001506202600000000    00000000000000000000000                      4954166775600000000000000000000       
7560001300027T 0604293000000020477990000121809001014     1121809         20062026000000000006000341004530                         091000001449447406VALDEILTON DO CARMO ARAUJO              00000000000000000000002000000000004                 
7560001300028U 060000000000000000000000000000000000000000000000000000000000000000000000060000000000000060000000000000000000000000000000001506202600000000    00000000000000000000000                      4954166875600000000000000000000       
7560001300029T 0604293000000020477990000121848801014     1121848         20062026000000000016500341071250                         091000004022175435JOSE CLAUDIO DA SILVA                   00000000000000000000002000000000004                 
7560001300030U 060000000000000000000000000000000000000000000000000000000000000000000000165000000000000165000000000000000000000000000000001506202600000000    00000000000000000000000                      4953094375600000000000000000000       
7560001300031T 0604293000000020477990000121849501014     1121849         20062026000000000005000341071250                         091000004022175435JOSE CLAUDIO DA SILVA                   00000000000000000000002000000000004                 
7560001300032U 060000000000000000000000000000000000000000000000000000000000000000000000050000000000000050000000000000000000000000000000001506202600000000    00000000000000000000000                      4952917675600000000000000000000       
7560001300033T 0604293000000020477990000121866001014     1121866         20062026000000000015000260000010                         091000070796648450IARA DA SILVA RIBEIRO                   00000000000000000000002000000000004                 
7560001300034U 060000000000000000000000000000000000000000000000000000000000000000000000150000000000000150000000000000000000000000000000001506202600000000    00000000000000000000000                      4954194375600000000000000000000       
7560001300035T 0604293000000020477990000121928201014     1121928         20062026000000000008000077000010                         091000002661679421JANDEILSON FELICIANO DA SILVA           00000000000000000000002000000000004                 
7560001300036U 060000000000000000000000000000000000000000000000000000000000000000000000080000000000000080000000000000000000000000000000001506202600000000    00000000000000000000000                      4952447875600000000000000000000       
7560001300037T 0604293000000020477990000121931501014     1121931         20062026000000000005000633000010                         091000012484665431EDLYANE JOSENIRA DOS SANTOS             00000000000000000000000000000000004                 
7560001300038U 060000000000000000000000000000000000000000000000000000000000000000000000050000000000000050000000000000000000000000000000001606202600000000    00000000000000000000000                      4956035675600000000000000000000       
7560001300039T 0604293000000020477990000121956901014     1121956         20062026000000000007000260000010                         091000003993212410CLAUDIA PAIVA DE LIMA SILVA             00000000000000000000002000000000004                 
7560001300040U 060000000000000000000000000000000000000000000000000000000000000000000000070000000000000070000000000000000000000000000000001506202600000000    00000000000000000000000                      4953866475600000000000000000000       
7560001300041T 0604293000000020477990000121974101014     1121974         20062026000000000023500208000200                         091000009651294469CARLOS EDUARDO ANDRADE LIMA             00000000000000000000002000000000004                 
7560001300042U 060000000000000000000000000000000000000000000000000000000000000000000000235000000000000235000000000000000000000000000000001506202600000000    00000000000000000000000                      4950657675600000000000000000000       
7560001300043T 0604293000000020477990000121996301014     1121996         20062026000000000009000077000010                         091000013171535459EDUARDO GOMES DA COSTA                  00000000000000000000002000000000004                 
7560001300044U 060000000000000000000000000000000000000000000000000000000000000000000000090000000000000090000000000000000000000000000000001506202600000000    00000000000000000000000                      4950657775600000000000000000000       
7560001300045T 0604293000000020477990000122000001014     1122000         20062026000000000009000001016890                         091000071983914436JOSE EDSON DA SILVA                     00000000000000000000002000000000004                 
7560001300046U 060000000000000000000000000000000000000000000000000000000000000000000000090000000000000090000000000000000000000000000000001506202600000000    00000000000000000000000                      4950657875600000000000000000000       
7560001300047T 0604293000000020477990000122100101014     1122100         20062026000000000007500633000010                         091000009313308401RINALDO RONALDO DOS SANTOS              00000000000000000000002000000000004                 
7560001300048U 060000000000000000000000000000000000000000000000000000000000000000000000075000000000000075000000000000000000000000000000001506202600000000    00000000000000000000000                      4950657975600000000000000000000       
7560001300049T 0604293000000020477990000122119001014     1122119         20062026000000000007500341067820                         091000070705109429GIOVANE GENILDO DA SILVA                00000000000000000000002000000000004                 
7560001300050U 060000000000000000000000000000000000000000000000000000000000000000000000075000000000000075000000000000000000000000000000001506202600000000    00000000000000000000000                      4954064975600000000000000000000       
7560001300051T 0604293000000020477990000122128701014     1122128         20062026000000000005000260000010                         091000006785554438MARCOS DE LIMA SILVA                    00000000000000000000002000000000004                 
7560001300052U 060000000000000000000000000000000000000000000000000000000000000000000000050000000000000050000000000000000000000000000000001506202600000000    00000000000000000000000                      4952306975600000000000000000000       
7560001300053T 0604293000000020477990000122134101014     1122134         20062026000000000012000509000010                         091000005605310445GISELMA DE FATIMA ALMEIDA SILVA         00000000000000000000002000000000004                 
7560001300054U 060000000000000000000000000000000000000000000000000000000000000000000000120000000000000120000000000000000000000000000000001506202600000000    00000000000000000000000                      4950658075600000000000000000000       
7560001300055T 0604293000000020477990000122139801014     1122139         20062026000000000008000104002480                         091000040394648854CLAUDIO ANTONIO DE MACEDO OLIVEIRA      00000000000000000000002000000000004                 
7560001300056U 060000000000000000000000000000000000000000000000000000000000000000000000080000000000000080000000000000000000000000000000001506202600000000    00000000000000000000000                      4950658175600000000000000000000       
7560001300057T 0604293000000020477990000122140601014     1122140         20062026000000000008000104002480                         091000040394648854CLAUDIO ANTONIO DE MACEDO OLIVEIRA      00000000000000000000002000000000004                 
7560001300058U 060000000000000000000000000000000000000000000000000000000000000000000000080000000000000080000000000000000000000000000000001506202600000000    00000000000000000000000                      4950658275600000000000000000000       
7560001300059T 0604293000000020477990000122206701014     1122206         20062026000000000005000260000010                         091000069341079420SANDRO ROMERO CINTRA SILVA              00000000000000000000002000000000004                 
7560001300060U 060000000000000000000000000000000000000000000000000000000000000000000000050000000000000050000000000000000000000000000000001506202600000000    00000000000000000000000                      4951220875600000000000000000000       
7560001300061T 0604293000000020477990000122215301014     1122215         20062026000000000008000260000010                         091000070404443486HEVESON GABRIEL TORRES DA SILVA         00000000000000000000002000000000004                 
7560001300062U 060000000000000000000000000000000000000000000000000000000000000000000000080000000000000080000000000000000000000000000000001506202600000000    00000000000000000000000                      4953075475600000000000000000000       
7560001300063T 0604293000000020477990000122225701014     1122225         20062026000000000007000260000010                         091000014478095485BRUNO GENIVAL DA SILVA                  00000000000000000000002000000000004                 
7560001300064U 060000000000000000000000000000000000000000000000000000000000000000000000070000000000000070000000000000000000000000000000001506202600000000    00000000000000000000000                      4953075575600000000000000000000       
7560001300065T 0604293000000020477990000122236801014     1122236         20062026000000000010500260000010                         091000008141178482DIEGO NASCIMENTO ARRUDA                 00000000000000000000002000000000004                 
7560001300066U 060000000000000000000000000000000000000000000000000000000000000000000000105000000000000105000000000000000000000000000000001506202600000000    00000000000000000000000                      4954326775600000000000000000000       
7560001300067T 0604293000000020477990000122246101014     1122246         20062026000000000007000104027780                         091000001579545440JOSEFA JANAINA DA SILVA                 00000000000000000000002000000000004                 
7560001300068U 060000000000000000000000000000000000000000000000000000000000000000000000070000000000000070000000000000000000000000000000001506202600000000    00000000000000000000000                      4952658275600000000000000000000       
7560001300069T 0604293000000020477990000122254001014     1122254         20062026000000000032500104000510                         091000004882532417CLAUDIO ARAUJO DA COSTA                 00000000000000000000002000000000004                 
7560001300070U 060000000000000000000000000000000000000000000000000000000000000000000000325000000000000325000000000000000000000000000000001506202600000000    00000000000000000000000                      4952658375600000000000000000000       
7560001300071T 0304293000000020477990000124052001014     1124052         20072026000000000005000756042930                         091000070774086475MATEUS LUCAS CARNEIRO DE OLIVEIRA SANTOS00000000000000000000000000000000009                 
7560001300072U 030000000000000000000000000000000000000000000000000000000000000000000000000000000000000000000000000000000000000000000000001506202600000000    00000000000000000000000                              75600000000000000000000       
7560001300073T 0304293000000020477990000124053801014     1124053         20082026000000000005000756042930                         091000070774086475MATEUS LUCAS CARNEIRO DE OLIVEIRA SANTOS00000000000000000000000000000000009                 
7560001300074U 030000000000000000000000000000000000000000000000000000000000000000000000000000000000000000000000000000000000000000000000001506202600000000    00000000000000000000000                              75600000000000000000000       
7560001300075T 0304293000000020477990000124054501014     1124054         20092026000000000005000756042930                         091000070774086475MATEUS LUCAS CARNEIRO DE OLIVEIRA SANTOS00000000000000000000000000000000009                 
7560001300076U 030000000000000000000000000000000000000000000000000000000000000000000000000000000000000000000000000000000000000000000000001506202600000000    00000000000000000000000                              75600000000000000000000       
7560001300077T 0304293000000020477990000124055201014     1124055         20102026000000000005000756042930                         091000070774086475MATEUS LUCAS CARNEIRO DE OLIVEIRA SANTOS00000000000000000000000000000000009                 
7560001300078U 030000000000000000000000000000000000000000000000000000000000000000000000000000000000000000000000000000000000000000000000001506202600000000    00000000000000000000000                              75600000000000000000000       
7560001300079T 0304293000000020477990000124056001014     1124056         20112026000000000005000756042930                         091000070774086475MATEUS LUCAS CARNEIRO DE OLIVEIRA SANTOS00000000000000000000000000000000009                 
7560001300080U 030000000000000000000000000000000000000000000000000000000000000000000000000000000000000000000000000000000000000000000000001506202600000000    00000000000000000000000                              75600000000000000000000       
7560001300081T 0304293000000020477990000124057701014     1124057         20122026000000000005000756042930                         091000070774086475MATEUS LUCAS CARNEIRO DE OLIVEIRA SANTOS00000000000000000000000000000000009                 
7560001300082U 030000000000000000000000000000000000000000000000000000000000000000000000000000000000000000000000000000000000000000000000001506202600000000    00000000000000000000000                              75600000000000000000000       
7560001300083T 0304293000000020477990000124058401014     1124058         20012027000000000005000756042930                         091000070774086475MATEUS LUCAS CARNEIRO DE OLIVEIRA SANTOS00000000000000000000000000000000009                 
7560001300084U 030000000000000000000000000000000000000000000000000000000000000000000000000000000000000000000000000000000000000000000000001506202600000000    00000000000000000000000                              75600000000000000000000       
7560001300085T 0304293000000020477990000124059101014     1124059         20022027000000000005000756042930                         091000070774086475MATEUS LUCAS CARNEIRO DE OLIVEIRA SANTOS00000000000000000000000000000000009                 
7560001300086U 030000000000000000000000000000000000000000000000000000000000000000000000000000000000000000000000000000000000000000000000001506202600000000    00000000000000000000000                              75600000000000000000000       
7560001300087T 0304293000000020477990000124060001014     1124060         20032027000000000005000756042930                         091000070774086475MATEUS LUCAS CARNEIRO DE OLIVEIRA SANTOS00000000000000000000000000000000009                 
7560001300088U 030000000000000000000000000000000000000000000000000000000000000000000000000000000000000000000000000000000000000000000000001506202600000000    00000000000000000000000                              75600000000000000000000       
7560001300089T 0304293000000020477990000124061701014     1124061         20042027000000000005000756042930                         091000070774086475MATEUS LUCAS CARNEIRO DE OLIVEIRA SANTOS00000000000000000000000000000000009                 
7560001300090U 030000000000000000000000000000000000000000000000000000000000000000000000000000000000000000000000000000000000000000000000001506202600000000    00000000000000000000000                              75600000000000000000000       
7560001300091T 0304293000000020477990000124062401014     1124062         20072026000000000006000756042930                         091000070936367482ADRIELE BARBOSA GOMES                   00000000000000000000000000000000009                 
7560001300092U 030000000000000000000000000000000000000000000000000000000000000000000000000000000000000000000000000000000000000000000000001506202600000000    00000000000000000000000                              75600000000000000000000       
7560001300093T 0304293000000020477990000124063101014     1124063         20082026000000000005000756042930                         091000070936367482ADRIELE BARBOSA GOMES                   00000000000000000000000000000000009                 
7560001300094U 030000000000000000000000000000000000000000000000000000000000000000000000000000000000000000000000000000000000000000000000001506202600000000    00000000000000000000000                              75600000000000000000000       
7560001300095T 0304293000000020477990000124064901014     1124064         20092026000000000006000756042930                         091000070936367482ADRIELE BARBOSA GOMES                   00000000000000000000000000000000009                 
7560001300096U 030000000000000000000000000000000000000000000000000000000000000000000000000000000000000000000000000000000000000000000000001506202600000000    00000000000000000000000                              75600000000000000000000       
7560001300097T 0304293000000020477990000124065601014     1124065         20102026000000000006000756042930                         091000070936367482ADRIELE BARBOSA GOMES                   00000000000000000000000000000000009                 
7560001300098U 030000000000000000000000000000000000000000000000000000000000000000000000000000000000000000000000000000000000000000000000001506202600000000    00000000000000000000000                              75600000000000000000000       
7560001300099T 0304293000000020477990000124066301014     1124066         20112026000000000006000756042930                         091000070936367482ADRIELE BARBOSA GOMES                   00000000000000000000000000000000009                 
7560001300100U 030000000000000000000000000000000000000000000000000000000000000000000000000000000000000000000000000000000000000000000000001506202600000000    00000000000000000000000                              75600000000000000000000       
7560001300101T 0304293000000020477990000124067001014     1124067         20122026000000000006000756042930                         091000070936367482ADRIELE BARBOSA GOMES                   00000000000000000000000000000000009                 
7560001300102U 030000000000000000000000000000000000000000000000000000000000000000000000000000000000000000000000000000000000000000000000001506202600000000    00000000000000000000000                              75600000000000000000000       
7560001300103T 0304293000000020477990000124068801014     1124068         20012027000000000006000756042930                         091000070936367482ADRIELE BARBOSA GOMES                   00000000000000000000000000000000009                 
7560001300104U 030000000000000000000000000000000000000000000000000000000000000000000000000000000000000000000000000000000000000000000000001506202600000000    00000000000000000000000                              75600000000000000000000       
7560001300105T 0304293000000020477990000124069501014     1124069         20022027000000000006000756042930                         091000070936367482ADRIELE BARBOSA GOMES                   00000000000000000000000000000000009                 
7560001300106U 030000000000000000000000000000000000000000000000000000000000000000000000000000000000000000000000000000000000000000000000001506202600000000    00000000000000000000000                              75600000000000000000000       
7560001300107T 0304293000000020477990000124070301014     1124070         20032027000000000006000756042930                         091000070936367482ADRIELE BARBOSA GOMES                   00000000000000000000000000000000009                 
7560001300108U 030000000000000000000000000000000000000000000000000000000000000000000000000000000000000000000000000000000000000000000000001506202600000000    00000000000000000000000                              75600000000000000000000       
7560001300109T 0304293000000020477990000124071001014     1124071         20042027000000000006000756042930                         091000070936367482ADRIELE BARBOSA GOMES                   00000000000000000000000000000000009                 
7560001300110U 030000000000000000000000000000000000000000000000000000000000000000000000000000000000000000000000000000000000000000000000001506202600000000    00000000000000000000000                              75600000000000000000000       
7560001300111T 0304293000000020477990000124072801014     1124072         20052027000000000006000756042930                         091000070936367482ADRIELE BARBOSA GOMES                   00000000000000000000000000000000009                 
7560001300112U 030000000000000000000000000000000000000000000000000000000000000000000000000000000000000000000000000000000000000000000000001506202600000000    00000000000000000000000                              75600000000000000000000       
7560001300113T 0204293000000020477990000124073501014     1124073         20072026000000000008000756042930                         091000013751322450WESLANE LAIS DE BARROS SILVA            000000000000000000000000000000000A4                 
7560001300114U 020000000000000000000000000000000000000000000000000000000000000000000000000000000000000000000000000000000000000000000000001506202600000000    00000000000000000000000                              75600000000000000000000       
7560001300115T 0204293000000020477990000124074201014     1124074         20082026000000000008000756042930                         091000013751322450WESLANE LAIS DE BARROS SILVA            000000000000000000000000000000000A4                 
7560001300116U 020000000000000000000000000000000000000000000000000000000000000000000000000000000000000000000000000000000000000000000000001506202600000000    00000000000000000000000                              75600000000000000000000       
7560001300117T 0204293000000020477990000124075001014     1124075         20092026000000000008000756042930                         091000013751322450WESLANE LAIS DE BARROS SILVA            000000000000000000000000000000000A4                 
7560001300118U 020000000000000000000000000000000000000000000000000000000000000000000000000000000000000000000000000000000000000000000000001506202600000000    00000000000000000000000                              75600000000000000000000       
7560001300119T 0204293000000020477990000124076701014     1124076         20102026000000000008000756042930                         091000013751322450WESLANE LAIS DE BARROS SILVA            000000000000000000000000000000000A4                 
7560001300120U 020000000000000000000000000000000000000000000000000000000000000000000000000000000000000000000000000000000000000000000000001506202600000000    00000000000000000000000                              75600000000000000000000       
7560001300121T 0204293000000020477990000124077401014     1124077         20112026000000000008000756042930                         091000013751322450WESLANE LAIS DE BARROS SILVA            000000000000000000000000000000000A4                 
7560001300122U 020000000000000000000000000000000000000000000000000000000000000000000000000000000000000000000000000000000000000000000000001506202600000000    00000000000000000000000                              75600000000000000000000       
7560001300123T 0204293000000020477990000124078101014     1124078         20122026000000000008000756042930                         091000013751322450WESLANE LAIS DE BARROS SILVA            000000000000000000000000000000000A4                 
7560001300124U 020000000000000000000000000000000000000000000000000000000000000000000000000000000000000000000000000000000000000000000000001506202600000000    00000000000000000000000                              75600000000000000000000       
7560001300125T 0204293000000020477990000124079901014     1124079         20012027000000000008000756042930                         091000013751322450WESLANE LAIS DE BARROS SILVA            000000000000000000000000000000000A4                 
7560001300126U 020000000000000000000000000000000000000000000000000000000000000000000000000000000000000000000000000000000000000000000000001506202600000000    00000000000000000000000                              75600000000000000000000       
7560001300127T 0204293000000020477990000124080701014     1124080         20022027000000000008000756042930                         091000013751322450WESLANE LAIS DE BARROS SILVA            000000000000000000000000000000000A4                 
7560001300128U 020000000000000000000000000000000000000000000000000000000000000000000000000000000000000000000000000000000000000000000000001506202600000000    00000000000000000000000                              75600000000000000000000       
7560001300129T 0204293000000020477990000124081401014     1124081         20032027000000000008000756042930                         091000013751322450WESLANE LAIS DE BARROS SILVA            000000000000000000000000000000000A4                 
7560001300130U 020000000000000000000000000000000000000000000000000000000000000000000000000000000000000000000000000000000000000000000000001506202600000000    00000000000000000000000                              75600000000000000000000       
7560001300131T 0204293000000020477990000124082101014     1124082         20042027000000000008000756042930                         091000013751322450WESLANE LAIS DE BARROS SILVA            000000000000000000000000000000000A4                 
7560001300132U 020000000000000000000000000000000000000000000000000000000000000000000000000000000000000000000000000000000000000000000000001506202600000000    00000000000000000000000                              75600000000000000000000       
7560001300133T 0204293000000020477990000124083901014     1124083         20052027000000000008000756042930                         091000013751322450WESLANE LAIS DE BARROS SILVA            000000000000000000000000000000000A4                 
7560001300134U 020000000000000000000000000000000000000000000000000000000000000000000000000000000000000000000000000000000000000000000000001506202600000000    00000000000000000000000                              75600000000000000000000       
7560001300135T 0204293000000020477990000124084601014     1124084         20062027000000000008000756042930                         091000013751322450WESLANE LAIS DE BARROS SILVA            000000000000000000000000000000000A4                 
7560001300136U 020000000000000000000000000000000000000000000000000000000000000000000000000000000000000000000000000000000000000000000000001506202600000000    00000000000000000000000                              75600000000000000000000       
7560001300137T 0204293000000020477990000124085301014     1124085         20082026000000000006000756042930                         091000070936367482ADRIELE BARBOSA GOMES                   000000000000000000000000000000000A4                 
7560001300138U 020000000000000000000000000000000000000000000000000000000000000000000000000000000000000000000000000000000000000000000000001506202600000000    00000000000000000000000                              75600000000000000000000       
75600015         00014000006900000000000568500000000000000000000000000000000000000000000000000000000000000000000000                                                                                                                             
75699999         000001000142000000                                                                                                                                                                                                             
