75600000         257691018000102                    04293500000020477990VALIANTUS - ASSOCIACAO DE PROTSICOOB                                  11506202616592500014008100000                                                                     
75600011R01  040 2057691018000102                    0429350000002047799 VALIANTUS - ASSOCIACAO DE PROT                                                                                000001401506202600000000                                 
7560001300001P 010429350000002047799 000109390701014     10 22109390         2001202600000000000900000000 02N15062026000000000000000000000000000000000000000000000000000000000000000000000000000000                         3000   090000000000 
7560001300002Q 011000003065572400JANIELSE DE GOIS CINTRA SOUZA           RUA 17 DE DEZEMBRO  82                  CENTRO         55380000CACHOEIRINHA   PE0000000000000000                                        000                            
7560001300003R 01000000000000000000000000000000000000000000000000200000000000000000000500          NAO ACEITAR APOS O VENCIMENTO                                                                       0000000000000000 000000000000  0         
7560001300004S 013NAO ACEITAR APOS O VENCIMENTO                                                                                                                                                                                                 
7560001300005P 010429350000002047799 000109391401014     10 22109391         2001202600000000000500000000 02N15062026000000000000000000000000000000000000000000000000000000000000000000000000000000                         3000   090000000000 
7560001300006Q 011000003065572400JANIELSE DE GOIS CINTRA SOUZA           RUA 17 DE DEZEMBRO  82                  CENTRO         55380000CACHOEIRINHA   PE0000000000000000                                        000                            
7560001300007R 01000000000000000000000000000000000000000000000000200000000000000000000500          NAO ACEITAR APOS O VENCIMENTO                                                                       0000000000000000 000000000000  0         
7560001300008S 013NAO ACEITAR APOS O VENCIMENTO                                                                                                                                                                                                 
7560001300009P 010429350000002047799 000109392101014     10 22109392         2001202600000000000630000000 02N15062026000000000000000000000000000000000000000000000000000000000000000000000000000000                         3000   090000000000 
7560001300010Q 011000003704849405ALBIEGIO CESAR DE MELO                  RUA VEREADOR JOSE LOUREN O DE SOBRAL 02 CENTRO         55380000CACHOEIRINHA   PE0000000000000000                                        000                            
7560001300011R 01000000000000000000000000000000000000000000000000200000000000000000000500          NAO ACEITAR APOS O VENCIMENTO                                                                       0000000000000000 000000000000  0         
7560001300012S 013NAO ACEITAR APOS O VENCIMENTO                                                                                                                                                                                                 
7560001300013P 010429350000002047799 000109393901014     10 22109393         2001202600000000001700000000 02N15062026000000000000000000000000000000000000000000000000000000000000000000000000000000                         3000   090000000000 
7560001300014Q 011000005041499462MARIA DO SOCORRO LEITE DE FREITAS       RUA PETRONILA ESPINDOLA 208             CENTRO         55380000CACHOEIRINHA   PE0000000000000000                                        000                            
7560001300015R 01000000000000000000000000000000000000000000000000200000000000000000000500          NAO ACEITAR APOS O VENCIMENTO                                                                       0000000000000000 000000000000  0         
7560001300016S 013NAO ACEITAR APOS O VENCIMENTO                                                                                                                                                                                                 
7560001300017P 010429350000002047799 000109394601014     10 22109394         2001202600000000006850000000 02N15062026000000000000000000000000000000000000000000000000000000000000000000000000000000                         3000   090000000000 
7560001300018Q 011000004198856419SAULO CINTRA RAMOS                      AVENIDA BR 423 354                      CENTRO         55380000CACHOEIRINHA   PE0000000000000000                                        000                            
7560001300019R 01000000000000000000000000000000000000000000000000200000000000000000000500          NAO ACEITAR APOS O VENCIMENTO                                                                       0000000000000000 000000000000  0         
7560001300020S 013NAO ACEITAR APOS O VENCIMENTO                                                                                                                                                                                                 
7560001300021P 010429350000002047799 000109395301014     10 22109395         2001202600000000001700000000 02N15062026000000000000000000000000000000000000000000000000000000000000000000000000000000                         3000   090000000000 
7560001300022Q 011000086617370449JOSE FERNANDO MELO DA SILVA             RUA 05 DA JUREMA 14                     VILA DO ESPIRIT55370000S O BENTO DO UNPE0000000000000000                                        000                            
7560001300023R 01000000000000000000000000000000000000000000000000200000000000000000000500          NAO ACEITAR APOS O VENCIMENTO                                                                       0000000000000000 000000000000  0         
7560001300024S 013NAO ACEITAR APOS O VENCIMENTO                                                                                                                                                                                                                                                                                                                                                                                                
75600015         00197000049200000000005291500000000000000000000000000000000000000000000000000000000000000000000000                                                                                                                             
75699999         000001001972000000                                                                                                                                                                                                             
